<record><leader>00000cas a2200000 a 4500</leader><controlfield tag="001">52342892</controlfield><controlfield tag="008">030530d197619uucauwr ne      0    0eng c</controlfield><datafield ind1=" " ind2=" " tag="010"><subfield code="a">sn2003061353</subfield></datafield><datafield ind1=" " ind2=" " tag="040"><subfield code="a">CNK</subfield><subfield code="b">eng</subfield><subfield code="c">CNK</subfield><subfield code="d">OCLCQ</subfield><subfield code="d">OCLCF</subfield><subfield code="d">OCLCO</subfield></datafield><datafield ind1="1" ind2=" " tag="029"><subfield code="a">AU@</subfield><subfield code="b">000024695621</subfield></datafield><datafield ind1=" " ind2=" " tag="042"><subfield code="a">pcc</subfield></datafield><datafield ind1=" " ind2=" " tag="043"><subfield code="a">n-us-ca</subfield></datafield><datafield ind1="0" ind2=" " tag="130"><subfield code="a">Orange County news-times (Orange, Calif. : Anaheim Hills Orange ed.)</subfield></datafield><datafield ind1="1" ind2="0" tag="245"><subfield code="a">Orange County news-times.</subfield></datafield><datafield ind1="1" ind2="7" tag="246"><subfield code="a">News-times</subfield></datafield><datafield ind1=" " ind2=" " tag="250"><subfield code="a">Anaheim Hills Orange ed.</subfield></datafield><datafield ind1=" " ind2=" " tag="260"><subfield code="a">[Orange, Ca.] :</subfield><subfield code="b">Pathfinder Pub.</subfield></datafield><datafield ind1=" " ind2=" " tag="300"><subfield code="a">v.</subfield></datafield><datafield ind1=" " ind2=" " tag="310"><subfield code="a">Weekly</subfield></datafield><datafield ind1="1" ind2=" " tag="362"><subfield code="a">Began in 1976.</subfield></datafield><datafield ind1=" " ind2=" " tag="500"><subfield code="a">"Covering Anaheim Hills, Nohl Ranch, Villa Park, and portions of Orange."</subfield></datafield><datafield ind1=" " ind2=" " tag="588"><subfield code="a">Description based on: Vol. 7, no. 36 (Dec. 2, 1976).</subfield></datafield><datafield ind1=" " ind2="0" tag="651"><subfield code="a">Orange (Calif.)</subfield><subfield code="v">Newspapers.</subfield></datafield><datafield ind1=" " ind2="7" tag="655"><subfield code="a">Newspapers.</subfield><subfield code="2">fast</subfield><subfield code="0">(OCoLC)fst01423814</subfield></datafield><datafield ind1=" " ind2="7" tag="651"><subfield code="a">California</subfield><subfield code="z">Orange.</subfield><subfield code="2">fast</subfield><subfield code="0">(OCoLC)fst01205490</subfield></datafield><datafield ind1=" " ind2=" " tag="752"><subfield code="a">United States</subfield><subfield code="b">California</subfield><subfield code="c">Orange</subfield><subfield code="d">Orange.</subfield></datafield><datafield ind1="0" ind2="0" tag="780"><subfield code="t">News-times (Orange, Calif. : Orange ed.)</subfield><subfield code="w">(DLC)sn2003061328</subfield></datafield></record>